@book{darwin1872expression,
  title={The expression of the emotions in man and animals},
  author={Darwin, Charles},
  year={1872},
  publisher={John Murray},
  address={London, UK}
}

@incollection{ekman2007directed,
  title={The directed facial action task},
  author={Ekman, Paul},
  booktitle={Handbook of emotion elicitation and assessment},
  editor={James A. Coan and John J. B. Allen},
  pages={47--53},
  year={2007},
  publisher={Oxford University Press},
  address={New York, NY}
}

@article{ekman1992argument,
  title={An argument for basic emotions},
  author={Ekman, Paul},
  journal={Cognition \& emotion},
  volume={6},
  number={3-4},
  pages={169--200},
  year={1992},
  publisher={Taylor \& Francis},
  doi={10.1080/02699939208411068}
}

@article{crivelli2018facial,
  title={Facial displays are tools for social influence},
  author={Crivelli, Carlos and Fridlund, Alan J},
  journal={Trends in Cognitive Sciences},
  volume={22},
  number={5},
  pages={388--399},
  year={2018},
  publisher={Elsevier},
  doi={10.1016/j.tics.2018.02.006}
}

@book{fridlund1994human,
  title={Human facial expression: An evolutionary view},
  author={Fridlund, Alan J},
  year={1994},
  publisher={Academic Press},
  address={San Diego, CA}
}

@incollection{frijda1997facial,
  title={Facial expressions as modes of action readiness},
  author={Frijda, Nico H and Tcherkassof, Anna},
  booktitle={The psychology of facial expression},
  editor={Russell, James A and Fern{\'a}ndez-Dols, Jos{\'e}-Miguel},
  pages={78--102},
  year={1997},
  publisher={Cambridge University Press},
  address={Cambridge, UK}
}

@article{lindquist2013s,
  title={What’s in a word? Language constructs emotion perception},
  author={Lindquist, Kristen A and Gendron, Maria},
  journal={Emotion Review},
  volume={5},
  number={1},
  pages={66--71},
  year={2013},
  doi={10.1177/1754073912451351}
}

@incollection{niedenthal2017embodied,
  title={Embodied Simulation in Decoding Facial Expression},
  author={Niedenthal, Paula M and Wood, Adrienne and Rychlowska, Magdalena and Korb, Sebastian},
  booktitle={The Science of Facial Expression},
  editor={Fern{\'a}ndez-Dols, Jos{\'e}-Miguel and Russell, James A},
  pages={397--414},
  year={2017},
  publisher={Oxford University Press},
  address={New York, NY}
}

@incollection{doyle2017language,
  title={Language and emotion: Hypotheses on the constructed nature of emotion perception},
  author={Doyle, Cameron M and Lindquist, Kristen A},
  booktitle={The Science of Facial Expression},
  editor={Fern{\'a}ndez-Dols, Jos{\'e}-Miguel and Russell, James A},
  pages={415--432},
  year={2017},
  publisher={Oxford University Press},
  address={New York, NY}
}

@article{barrett2017theory,
  title={The theory of constructed emotion: an active inference account of interoception and categorization},
  author={Barrett, Lisa Feldman},
  journal={Social Cognitive and Affective Neuroscience},
  volume={12},
  number={1},
  pages={1--23},
  year={2017},
  doi={10.1093/scan/nsw154}
}

@incollection{averill1980constructivist,
  title={A constructivist view of emotion},
  author={Averill, James R},
  booktitle={Theories of emotion},
  editor={Plutchik, Robert and Kellerman, Henry},
  pages={305--339},
  year={1980},
  publisher={Academic Press},
  address={New York, NY}
}

@article{tcherkassof2013dynemo,
  title={DynEmo: A video database of natural facial expressions of emotions},
  author={Tcherkassof, Anna and Dupr{\'e}, Damien and Meillon, Brigitte and Mandran, Nadine and Dubois, Michel and Adam, Jean-Michel},
  journal={The International Journal of Multimedia \& Its Applications},
  volume={5},
  number={5},
  pages={61--80},
  year={2013},
  doi={10.5121/ijma.2013.5505}
}

@article{dupre2015oudjat,
  title={Oudjat: A configurable and usable annotation tool for the study of facial expressions of emotion},
  author={Dupr{\'e}, Damien and Akpan, Daniel and Elias, Elena and Adam, Jean-Michel and Meillon, Brigitte and Bonnefond, Nicolas and Dubois, Michel and Tcherkassof, Anna},
  journal={International Journal of Human-Computer Studies},
  volume={83},
  pages={51--61},
  year={2015},
  doi={10.1016/j.ijhcs.2015.05.010}
}

@inproceedings{mcduff2016affdex,
 author = {McDuff, Daniel and Mahmoud, Abdelrahman and Mavadati, Mohammad and Amr, May and Turcot, Jay and Kaliouby, Rana el},
 title = {AFFDEX SDK: A Cross-Platform Real-Time Multi-Face Expression Recognition Toolkit},
 booktitle = {Proceedings of the CHI Conference on Human Factors in Computing Systems},
 year = {2016},
 pages = {3723--3726},
 doi = {10.1145/2851581.2890247}
} 

@inproceedings{dente2017measures,
  title={Measures and metrics for automatic emotion classification via FACET},
  author={Dente, Pasquale and K{\"u}ster, Dennis and Skora, Lina and Krumhuber, E},
  booktitle={Proceedings of the Conference on the Study of Artificial Intelligence and Simulation of Behaviour},
  pages={160--163},
  year={2017}
}

@inproceedings{dupre2018accuracy,
  title={Accuracy of three commercial automatic emotion recognition systems across different individuals and their facial expressions},
  author={Dupr{\'e}, Damien and Andelic, Nicole and Morrison, Gawain and McKeown, Gary},
  booktitle={Proceedings of the International Conference on Pervasive Computing and Communications},
  pages={627--632},
  year={2018},
  doi={10.1109/PERCOMW.2018.8480127}
}

@incollection{kappas2003facial,
  title={What facial activity can and cannot tell us about emotions},
  author={Kappas, Arvid},
  booktitle={The human face},
  editor={Katsikitis, Mary},
  pages={215--234},
  year={2003},
  publisher={Springer},
  address={Boston, MA}
}

@article{mckeown2013analogical,
  title={The analogical peacock hypothesis: The sexual selection of mind-reading and relational cognition in human communication},
  author={McKeown, Gary J},
  journal={Review of General Psychology},
  volume={17},
  number={3},
  pages={267--287},
  year={2013},
  doi={10.1037/a0032631}
}

@book{de2019mama,
  title={Mama's Last Hug: Animal Emotions and What They Teach Us about Ourselves},
  author={de Waal, Frans},
  year={2019},
  publisher={Granta Books},
  address={London, UK}
}

@book{barrett2017emotions,
  title={How emotions are made: The secret life of the brain},
  author={Barrett, Lisa Feldman},
  year={2017},
  publisher={Houghton Mifflin Harcourt},
  address={Boston, MA}
}

@article{ekman1988universality,
  title={The universality of a contempt expression: A replication},
  author={Ekman, Paul and Heider, Karl G},
  journal={Motivation and Emotion},
  volume={12},
  number={3},
  pages={303--308},
  year={1988},
  doi={10.1007/BF00993116}
}

@article{ekman1987universals,
  title={Universals and cultural differences in the judgments of facial expressions of emotion},
  author={Ekman, Paul and Friesen, Wallace V and O'sullivan, Maureen and Chan, Anthony and Diacoyanni-Tarlatzis, Irene and Heider, Karl and Krause, Rainer and LeCompte, William Ayhan and Pitcairn, Tom and Ricci-Bitti, Pio E, Schere, Klaus and Tomita, Masatoshi},
  journal={Journal of Personality and Social Psychology},
  volume={53},
  number={4},
  pages={712-717},
  year={1987},
  doi={10.1037/0022-3514.53.4.712}
}

@article{kraut1979social,
  title={Social and emotional messages of smiling: An ethological approach},
  author={Kraut, Robert E and Johnston, Robert E},
  journal={Journal of Personality and Social Psychology},
  volume={37},
  number={9},
  pages={1539--1553},
  year={1979},
  publisher={10.1037/0022-3514.37.9.1539}
}

@article{duran2017coherence,
  title={Coherence between emotions and facial expressions},
  author={Dur{\'a}n, Juan I and Reisenzein, Rainer and Fern{\'a}ndez-Dols, Jos{\'e}-Miguel},
  booktitle={The Science of Facial Expression},
  editor={Fern{\'a}ndez-Dols, Jos{\'e}-Miguel and Russell, James A},
  pages={107--129},
  year={2017},
  publisher={Oxford University Press},
  address={New York, NY}
}

@inproceedings{mcduff2016discovering,
  title={Discovering facial expressions for states of amused, persuaded, informed, sentimental and inspired},
  author={McDuff, Daniel},
  booktitle={Proceedings of the International Conference on Multimodal Interaction},
  pages={71--75},
  year={2016},
  doi={10.1145/2993148.2993192}
}

@inproceedings{baltruvsaitis2016openface,
  title={Openface: an open source facial behavior analysis toolkit},
  author={Baltru{\v{s}}aitis, Tadas and Robinson, Peter and Morency, Louis-Philippe},
  booktitle={Proceedings of the Winter Conference on Applications of Computer Vision},
  pages={1--10},
  year={2016},
  doi={10.1109/WACV.2016.7477553}
}

@article{russell1993forced,
  title={Forced-choice response format in the study of facial expression},
  author={Russell, James A},
  journal={Motivation and Emotion},
  volume={17},
  number={1},
  pages={41--51},
  year={1993},
  doi={10.1007/BF00995206}
}

@article{bonanno2004brief,
  title={The coherence of emotion systems: Comparing “on-line” measures of appraisal and facial expressions, and self-report},
  author={Bonanno, George and Keltner, Dacher},
  journal={Cognition and Emotion},
  volume={18},
  number={3},
  pages={431--444},
  year={2004},
  doi={10.1080/02699930341000149}
}

@article{fernandez2013emotion,
  title={Emotion and expression: Naturalistic studies},
  author={Fern{\'a}ndez-Dols, Jos{\'e}-Miguel and Crivelli, Carlos},
  journal={Emotion Review},
  volume={5},
  number={1},
  pages={24--29},
  year={2013},
  doi={10.1177/1754073912457229}
}

@inproceedings{den2005facereader,
  title={The FaceReader: Online facial expression recognition},
  author={Den Uyl, MJ and Van Kuilenburg, H},
  booktitle={Proceedings of measuring behavior},
  volume={30},
  number={2},
  pages={589--590},
  year={2005},
  organization={Citeseer}
}
